@article{2009.05129v1,

title = {Asteroid phase curves from ATLAS dual-band photometry},
journal = {Icarus},
volume = {354},
pages = {114094},
year = {2021},
issn = {0019-1035},
doi = {https://doi.org/10.1016/j.icarus.2020.114094},
url = {https://www.sciencedirect.com/science/article/pii/S0019103520304401},
author = {Max Mahlke and Benoit Carry and Larry Denneau},
keywords = {Asteroids, Composition, Surfaces, Photometry},
}